@misc
{html5up,
author={n33co},
title={HTML5 UpS},
note={http://html5up.net/}
}

@misc
{unityforum,
author={Unity},
title={Unity Community},
note={http://forum.unity3d.com/}
}

@misc
{stackoverflow,
author={StackExchange},
title={Stack Overflow},
note={http://stackoverflow.com/}
}

@misc
{portal,
author={Valve},
title={Portal},
month={Octobre},
year={2007},
note={http://www.valvesoftware.com/games/portal.html}
}

@misc
{oculus,
author={Oculus VR},
title={Oculus Rift DK2},
year={2014},
note={https://www.oculus.com/en-us/dk2/}
}

@misc
{mirror,
author={Aras Pranckevicius},
title={MirrorReflection3},
note={http://wiki.unity3d.com/index.php/MirrorReflection3}
}

@misc
{unreal,
author={Epig Games},
title={Unreal Engine 4},
note={https://www.unrealengine.com/}
}

@misc
{mysql,
author={Oracle},
title={MySQL},
note={https://www.mysql.com/}
}

@misc
{net,
author={Microsoft},
title={.NET 4.5},
note={http://www.microsoft.com/net}
}

@misc
{visual,
author={Microsoft},
title={Visual Studio 2013},
note={https://www.visualstudio.com/}
}

@misc
{github,
author={Github Inc.},
title={Github},
note={https://github.com/}
}

@misc
{unity,
author={Unity Technologies},
title={Unity 5 - Game Engine},
note={https://unity3d.com/}
}

@misc
{sdz,
author={Simple IT},
title={OpenClassrooms (anciennement Site du Zero},
note={http://openclassrooms.com/}
}

@misc
{xampp,
author={Apache Friends},
title={XAMPP - Cross Apache HTTP Server MySQL PHP Perl},
note={https://www.apachefriends.org/fr/index.html}
}

@misc
{tutounity,
author={Unity Tecnologies},
title={Unity Learn},
note={http://unity3d.com/learn}
}

@misc
{blender,
author={Blender Foundation},
title={Blender},
note={https://www.blender.org/}
}